@article{MasteringBlockchain,
  author = {Imran Bashir},
  title = {Mastering Blockchain Second Edition},
  year = {2018},
  isbn = {978-1-78883-904-4}
}

@article{BchainPracticalGuide,
  author = {Joseph J. Bambara, Paul R. Allen},
  title = {Blockchain - A Practical Guide To Developing Business, Law, And Technology Solutions},
  year = {2018},
  isbn = {978-1-260-11587-1}
}

@article{BitcoinEthNCo,
  author = {Enée Bussac},
  title = {Bitcoin, Ethereum & Co. - Praxiswissen Kryptowährungen und Blockchain},
  year = {2018},
  isbn = {978-3-503-18299-2}
}

BibTeX | EndNote | ACM Ref
@book{Antonopoulos:2017:MBP:3164842,
 author = {Antonopoulos, Andreas M.},
 title = {Mastering Bitcoin: Programming the Open Blockchain},
 year = {2017},
 isbn = {1491954388, 9781491954386},
 edition = {2nd},
 publisher = {O'Reilly Media, Inc.},
} 


@ONLINE{REST:Wiki,
    title = {Representational State Transfer - Wikipedia},
    year = {},
    author = {{Wikipedia}},
    url = {https://de.wikipedia.org/wiki/Representational_State_Transfer},
    urldate = {2019-05-01},
    keywords = {www}
}

@ONLINE{CRUD:Wiki,
    title = {CRUD - Wikipedia},
    year = {},
    author = {{Wikipedia}},
    url = {https://de.wikipedia.org/wiki/CRUD},
    urldate = {2019-05-01},
    keywords = {www}
}

@ONLINE{API:Wiki,
    title = {Application programming interface - Wikipedia},
    year = {},
    author = {{Wikipedia}},
    url = {https://en.wikipedia.org/wiki/Application_programming_interface},
    urldate = {2019-05-01},
    keywords = {www}
}

@ONLINE{SPOF:Wiki,
    title = {Single Point of Failure - Wikipedia},
    year = {},
    author = {{Wikipedia}},
    url = "{{https://de.wikipedia.org/wiki/Single_Point_of_Failure}}",
    urldate = {2019-05-02},
    keywords = {www}
}

@ONLINE{UE:Wiki,
    title = {User Experience - Wikipedia},
    year = {},
    author = {{Wikipedia}},
    url = "{{https://de.wikipedia.org/wiki/User_Experience}}",
    urldate = {2019-05-02},
    keywords = {www}
}

@ONLINE{CP:Wiki,
    title = {Cross-platform software - Wikipedia},
    author = {{Wikipedia}},
    url = "{{https://en.wikipedia.org/wiki/Cross-platform_software}}",
    urldate = {2019-05-02},
    keywords = {www}
}

@ONLINE{PoS:Wiki,
    title = {Cross-platform software - Wikipedia},
    author = {{Wikipedia}},
    url = "{{https://de.wikipedia.org/wiki/Proof_of_Stake}}",
    urldate = {2019-05-15},
    keywords = {www}
}

@ONLINE{PoS:BTCE,
    title = {Was ist Proof-of-Stake?},
    author = {{btc-echo}},
    url = "{{https://www.btc-echo.de/tutorial/was-ist-proof-of-stake/}}",
    urldate = {2019-05-16},
    keywords = {www}
}

%https://arvanaghi.com/blog/explaining-the-genesis-block-in-ethereum/
%https://dwan.org/index.php/2017/06/13/proof-of-work-and-the-nonce/
https://support.mycrypto.com/general-knowledge/ethereum-blockchain/what-is-nonce
https://hackernoon.com/heres-how-i-built-a-private-blockchain-network-and-you-can-too-62ca7db556c0
https://cosmycx.github.io/ethereum-private-blockchain/
https://medium.com/taipei-ethereum-meetup/beginners-guide-to-ethereum-3-explain-the-genesis-file-and-use-it-to-customize-your-blockchain-552eb6265145
https://medium.com/coinmonks/public-vs-private-blockchain-in-a-nutshell-c9fe284fa39f
https://de.bitcoin.it/wiki/Genesis_Block

https://github.com/OpenZeppelin/openzeppelin-solidity/blob/9b3710465583284b8c4c5d2245749246bb2e0094/contracts/token/ERC20/ERC20.sol
https://www.btc-echo.de/tutorial/was-ist-ein-erc-20-token/
https://theethereum.wiki/w/index.php/ERC20_Token_Standard
https://blockgeeks.com/guides/ethereum-token/

@ONLINE{MINING:kryptopedia,
    title = {So lange dauert Mining bei Bitcoins | Kryptopedia},
    year = {2018-04-09},
    author = {{Raphael Honig}},
    url = "{{https://www.kryptopedia.org/wie-lange-dauert-es-einen-bitcoin-zu-minen/}}",
    urldate = {2019-05-02},
    keywords = {www}
}

@ONLINE{DL:bafin,
    title = {Distributed Ledger: Die Technologie hinter den virtuellen Währungen am Beispiel der Blockchain},
    year = {2016-02-15},
    author = {{Luisa Geiling}},
    url = "{{https://www.bafin.de/SharedDocs/Veroeffentlichungen/DE/Fachartikel/2016/fa_bj_1602_blockchain.html}}",
    urldate = {2019-05-15},
    keywords = {www}
}

@ONLINE{SC:EconomyOutlook,
    title = {Smart contracts: the ultimate automation of trust?},
    year = {2015-10-15},
    author = {{David Tuesta}},
    url = "{{https://www.bbva.com/wp-content/uploads/en/2016/11/Digital_Economy_Outlook_Oct15_Cap1.pdf}}",
    urldate = {2019-05-02},
    keywords = {www}
}

@ONLINE{RN:ReactNative,
    title = {React Native},
    url = "{{https://facebook.github.io/react-native/}}",
    urldate = {2019-05-02},
    keywords = {www}
}

@ONLINE{DApp,
    title = {DApp},
    url = "{{https://ethereum.stackexchange.com/tags/dapp-development/info}}",
    urldate = {2019-05-08},
    keywords = {www}
}

@ONLINE{SMPUse,
    title = {90 Percent Use Multiple Screens During The Same Day},
    year = {2012-08-31},
    author = {Greg Sterling},
    url = "{{https://marketingland.com/study-90-percent-use-multiple-screens-throughout-the-same-day-20386}}",
    urldate = {2019-05-20},
    keywords = {www}
}


@book{mlmitchel,
   author={Mitchell, Tom M.},
   title={Machine learning},
   address={New York [u.a.]},
   publisher={McGraw-Hill},
   year={2004},
   edition={International ed., [Nachdr.]},
   ISBN={0070428077 - 0071154671},
   series={McGraw-Hill series in computer science},
   pages={ : graph. Darst.},
}

@book{fteng,
   author={Zheng, Alice},
   editor={Casari, Amanda},
   title={Feature engineering for machine learning},
   address={First edition ; Beijing},
   publisher={O'Reilly},
   year={April 2018},
   ISBN={9781491953242},
   pages={ : Illustrationen, Diagramme},
}


@book{Engemann,
   editor={Engemann, Christoph and Sudmann, Andreas},
   title={Machine Learning - Medien, Infrastrukturen und Technologien der K{\"u}nstlichen Intelligenz},
   address={Bielefeld},
   publisher={transcript},
   year={[2018]},
   ISBN={9783837635300 - 3837635309},
   series={Digitale Gesellschaft},
   pages={ : Illustrationen, Diagramme},
}

@book{Sutton,
 author = {Sutton, Richard S. and Barto, Andrew G.},
 title = {Introduction to Reinforcement Learning},
 year = {1998},
 isbn = {0262193981},
 edition = {1st},
 publisher = {MIT Press},
 address = {Cambridge, MA, USA},
} 

@book{MultiagentSystems,
   editor={Weiss, Gerhard},
   title={Multiagent systems},
   address={Cambridge, Mass. [u.a.]},
   publisher={MIT Press},
   year={2001},
   edition={3. printing},
   ISBN={0262232030 - 0262731312},
   pages={ : Ill., graph. Darst.},
}


